7@article{fermi,
    title={The ionization loss of energy in gases and in condensed materials},
    author={Fermi, Enrico},
    journal={Physical Review},
    volume={57},
    number={6},
    pages={485},
    year={1940},
    publisher={APS},
}

@online{Nationalencyklopedin,
    author = {Nationalencyklopedin},
    title = {Kärnkraftverk},
    url = {https://www.ne.se/uppslagsverk/encyklopedi/lång/kärnkraftverk},
    urldate = {2023-05-22},
}

@online{Naturvårdsverket,
    author = {Naturvårdsverket},
    title = {Energins påverkan på miljön},
    url = {https://www.naturvardsverket.se/amnesomraden/klimatomstallningen/omraden/klimatet-och-energin/energins-paverkan-pa-miljon/},
    urldate = {2023-05-22},
}

@online{energiforsk,
    author = {energiforsk},
    title = {Stora möjligheter att sänka kostnaden för ny kärnkraft},
    url = {https://energiforsk.se/program/karnkraft-omvarld-och-teknik/nyheter/marknadsutveckling/hur-mycket-kostar-ny-karnkraft/},
    urldate = {2023-05-22},
}


@book{Fraenkel,
    author={Fraenkel, Lars and Gottfridsson, Daniel and Jonasson, Ulf},
    title={Impuls Fysik. 1},
    publisher={Gleerups},
    address={Malm{\"o}},
    year={2011},
    edition={1. uppl., 2. tr.},
    ISBN={9140674150},
    keywords={Fysik},
}
@booklet{2011vee,
    title={Vindkraft : en energik{\"a}lla med en fantastisk framtid},
    publisher={Svensk vindenergi},
    address={Stockholm},
    year={2011},
    keywords={Vindkraft},
}